@book{Kernighan:1988:CPL:576122,
 author = {Kernighan, Brian W.},
 editor = {Ritchie, Dennis M.},
 title = {The  C Programming Language},
 year = {1988},
 isbn = {0131103709},
 edition = {2nd},
 publisher = {Prentice Hall Professional Technical Reference},
} 

@book{bulirsch:02,
	added-at = {2016-01-26T22:08:28.000+0100},
	author = {Stoer, J.\ and Bulirsch, R},
	biburl = {https://www.bibsonomy.org/bibtex/204636a15cb65b397dad2e5b87f483aed/noll},
	interhash = {8e70e1b0ca6fec3cd0940fff6895c9a2},
	intrahash = {04636a15cb65b397dad2e5b87f483aed},
	isbn = {9780387954523},
	keywords = {imported},
	lccn = {2002019729},
	publisher = {Springer},
	series = {Texts in applied mathematics},
	timestamp = {2016-01-26T22:08:28.000+0100},
	title = {Introduction to numerical analysis},
	year = 2002
}